@InBook{	  abney1997,
  author	= "Abney, S.",
  editor	= "Young, Steve and Bloothooft, Gerrit",
  title		= "Part-of-Speech Tagging and Partial Parsing",
  booktitle	= "Corpus-Based Methods in Language and Speech Processing",
  year		= "1997",
  publisher	= "Springer Netherlands",
  address	= "Dordrecht",
  pages		= "118--136",
  isbn		= "978-94-017-1183-8",
  doi		= "10.1007/978-94-017-1183-8_4"
}

@Misc{		  adger2011,
  author	= "Adger, David",
  title		= "Label and Structures",
  year		= "2011",
  month		= "April"
}

@Book{		  adger2013,
  title		= {A Syntax of Substance},
  author	= {Adger, David},
  isbn		= {9780262518307},
  lccn		= {2012020867},
  series	= {Linguistic inquiry monographs},
  url		= {https://books.google.cz/books?id=nfswKAqywTYC},
  year		= {2013},
  publisher	= {MIT Press}
}

@Misc{		  adger2017,
  author	= "Adger, David",
  title		= "A Memory Architecture for Merge",
  year		= "2017",
  month		= "Feb"
}

@Book{		  beekes_comparative_2011,
  title		= {Comparative Indo-European Linguistics},
  volume	= {1},
  isbn		= {978-90-2721-185-9},
  publisher	= {John Benjamins Publishing},
  author	= {Beekes, R. S. P. and Cor de Vaan, M. A.},
  year		= {2011}
}

@Book{		  berruto2012,
  title		= {Sociolinguistica dell'italiano contemporaneo},
  author	= {Berruto, G.},
  isbn		= {9788843063499},
  lccn		= {2012446853},
  series	= {Manuali universitari: Linguistica},
  year		= {2012},
  publisher	= {Carocci}
}

@Article{	  bianchi1992,
  title		= "Sulla struttura funzionale del sintagma nominale italiano",
  author	= "Valentina Bianchi",
  year		= "1992",
  pages		= "105--127",
  journal	= "Rivista di Grammatica Generativa",
  volume	= "17"
}

@book{biber1998,
  title={Corpus Linguistics: Investigating Language Structure and Use},
  author={Biber, D. and Conrad, S. and Reppen, R. and Cambridge University},
  isbn={9780521499576},
  lccn={97016560},
  series={Cambridge Approaches to Linguistics},
  url={https://books.google.cz/books?id=2h5F7TXa6psC},
  year={1998},
  publisher={Cambridge University Press}
}


@InCollection{	  biber2010,
  title		= {Corpus-Based and Corpus-Driven Analyses of Language Variation and Use},
  booktitle	= {Oxford Handbook of Linguistic Analysis},
  author	= {Biber, Douglas},
  editor	= {Heine, Bernd and Narrog, Heiko},
  publisher	= {Oxford University Press},
  year		= {2010},
  chapter	= {8},
  pages		= {159--191},
  url		= {https://www.researchgate.net/publication/292383829_Corpus-Based_and_Corpus-driven_Analyses_of_Language_Variation_and_Use},
  doi		= {10.1093/oxfordhb/9780199544004.013.0008}
}

@Book{		  bird2009,
  title		= {Natural Language Processing with Python: Analyzing Text
		  with the Natural Language Toolkit},
  author	= {Bird, Steven and Klein, Ewan and Loper, Edward},
  publisher	= {O'Reilly Media},
  isbn		= {978-0-596-51649-9},
  year		= {2009},
  series	= {},
  edition	= {},
  volume	= {}
}

@Book{		  chiari2007,
  title		= {Introduzione alla linguistica computazionale},
  author	= {Chiari, Isabella},
  isbn		= {9788842082095},
  lccn		= {2007356678},
  series	= {Percorsi (Editori Laterza)},
  url		= {https://books.google.cz/books?id=EhZjAgAACAAJ},
  year		= {2007},
  publisher	= {Laterza}
}

@Book{		  chomsky1995,
  title		= {The Minimalist Program},
  author	= {Chomsky, Noam},
  isbn		= {9780262531283},
  lccn		= {95004654},
  series	= {Current studies in linguistics series},
  year		= {1995},
  publisher	= {MIT Press}
}

@Book{		  chomsky1998,
  title		= {Minimalist Inquiries: The Framework},
  author	= {Chomsky, Noam},
  series	= {MIT occasional papers in linguistics},
  year		= {1998},
  publisher	= {MIT Working Papers in Linguistics, MIT, Department of
		  Linguistics}
}

@Book{		  chomsky1999,
  title		= {Derivation by Phase},
  author	= {Chomsky, Noam},
  series	= {MIT occasional papers in linguistics},
  year		= {1999},
  publisher	= {MIT, Department of Linguistics}
}

@Article{	  chomsky2013,
  title		= "Problems of projection",
  journal	= "Lingua",
  volume	= "130",
  number	= "",
  pages		= "33 - 49",
  year		= "2013",
  note		= "SI: Syntax and cognition: core ideas and results in
		  syntax",
  issn		= "0024-3841",
  doi		= "http://dx.doi.org/10.1016/j.lingua.2012.12.003",
  author	= "Chomsky, Noam",
  keywords	= "Minimal search"
}

@InBook{	  chomsky2015,
  title		= "Problems of projection: Extensions",
  booktitle	= "Structures, Strategies and Beyond: Studies in honour of
		  Adriana Belletti",
  series	= "Linguistic Aktuell",
  volume	= "223",
  pages		= "1-16",
  year		= "2015",
  doi		= "http://10.1075/la.223.01cho",
  author	= "Chomsky, Noam"
}

@Book{		  clark2010,
  title		= {The Handbook of Computational Linguistics and Natural
		  Language Processing},
  volume	= {1},
  isbn		= {978-14-0515-581-6},
  author	= {Clark, Alexander},
  year		= {2010}
}

@InCollection{	  collins2002,
  author	= {Collins, Christopher},
  title		= {{Eliminating labels}},
  booktitle	= {{Derivation and explanation in the minimalist program}},
  editor	= {Epstein, Samuel and Seely, Daniel},
  publisher	= {Blackwell},
  address	= {Oxford},
  pages		= {42--64},
  year		= {2002}
}

@Misc{		  czech-it,
  author	= {Petolicchio, Marco and Bolpagni, Marcello},
  title		= {{Czech-IT! - Linguistic corpus of native Czech learners
		  acquiring Italian language}},
  month		= {jul},
  year		= {2017},
  doi		= {10.5281/zenodo.824984}
}

@Book{		  dachille2003,
  title		= {L'italiano contemporaneo},
  author	= {D'Achille, Paolo},
  isbn		= {9788815088710},
  series	= {Itinerari: Linguistica},
  year		= {2003},
  publisher	= {Il Mulino}
}

@Book{		  ellis1994,
  title		= {The Study of Second Language Acquisition},
  author	= {Ellis, Rod},
  isbn		= {9780194371896},
  lccn		= {gb94032714},
  series	= {Oxford applied linguistics},
  url		= {https://books.google.cz/books?id=3KglibyrZ5sC},
  year		= {1994},
  publisher	= {Oxford University Press}
}

@Book{		  fodor2001,
  title		= {The Mind Doesn't Work that Way: The Scope and Limits of
		  Computational Psychology},
  author	= {Fodor, J.A.},
  isbn		= {9780262561464},
  lccn		= {99089687},
  series	= {Bradford book},
  year		= {2001},
  publisher	= {MIT Press}
}

@Misc{		  glottolog,
  author	= {Harald Hammarström and Robert Forkel and Martin
		  Haspelmath},
  title		= {clld/glottolog: Glottolog database 3.0},
  month		= {mar},
  year		= {2017},
  doi		= {10.5281/zenodo.437430}
}

@Article{	  granfeldt2000,
  title		= {The acquisition of the determiner phrase in bilingual and
		  second language French},
  volume	= {3},
  number	= {3},
  journal	= {Bilingualism: Language and Cognition},
  publisher	= {Cambridge University Press},
  author	= {Granfeldt, Jonas},
  year		= {2000},
  pages		= {263–280},
  url		= {http://portal.research.lu.se/ws/files/2835485/624118.pdf},
  doi		= {dx.doi.org/10.1017/S1366728900000377}
}

@Book{		  guasti2002,
  title		= {Language Acquisition: The Growth of Grammar},
  author	= {Maria Teresa Guasti},
  publisher	= {The MIT Press},
  isbn		= {9780262072229},
  year		= {2002},
  series	= {},
  edition	= {},
  volume	= {}
}

@Book{		  hawkins2001,
  title		= {Second language syntax: A generative introduction},
  author	= {Hawkins, Roger},
  year		= {2001},
  publisher	= {Wiley-Blackwell}
}

@Article{	  hcf2002,
  author	= {Hauser, Marc D. and Chomsky, Noam and Fitch, W. Tecumseh},
  title		= {The Faculty of Language: What Is It, Who Has It, and How
		  Did It Evolve?},
  journal	= {Science},
  year		= {2002},
  month		= {11},
  volume	= {298},
  pages		= {1569-1579},
  doi		= {10.1126/science.298.5598.1569}
}

@Book{		  kayne1994,
  title		= {The Antisymmetry of Syntax},
  author	= {Kayne, Richard S.},
  isbn		= {9780262611077},
  lccn		= {94026521},
  series	= {Linguistic inquiry monographs},
  url		= {https://books.google.cz/books?id=tnXJVbGpMfEC},
  year		= {1994},
  publisher	= {MIT Press}
}

@Book{		  krashen1981,
  title		= {Second language acquisition and second language learning},
  author	= {Krashen, S.D.},
  isbn		= {9780080253381},
  lccn		= {80040815},
  series	= {Language teaching methodology series},
  url		= {https://books.google.cz/books?id=7bohvgAACAAJ},
  year		= {1981},
  publisher	= {Pergamon Press}
}

@Book{		  kueblerzinsmeinster2015,
  title		= {Corpus Linguistics and Linguistically Annotated Corpora},
  author	= {Kuebler, Sandra and Zinsmeister, Heike },
  publisher	= {Bloomsbury Academic},
  isbn		= {1441116753,9781441116758},
  year		= {2015},
  series	= {},
  volume	= {}
}

@Book{		  kurdi2016,
  author	= {Kurdi, Mohamed},
  year		= {2016},
  month		= {09},
  pages		= {i-xiv},
  title		= {Natural Language Processing and Computational Linguistics:
		  Speech, Morphology and Syntax},
  publisher	= {Wiley-ISTE},
  isbn		= {978-1-84821-848-2},
  doi		= {10.1002/9781119145554},
  edition	= {1}
}

@Misc{		  lips,
  author	= {Vedovelli, Massimo and Pallassini, Alessandro and
		  Machetti, Sabrina and Barni, Monica and Bagna, Carla and
		  Pieroni, Simone and Gallina, Francesca},
  title		= {Corpus LIPS},
  year		= {1993-2006},
  publisher	= {Università per Stranieri di Siena},
  url		= {http://www.parlaritaliano.it/index.php/en/data/653-corpus-lips}
}

@Article{	  longobardi-n_movement,
  title		= "Reference and proper names: a theory of N-movement in
		  syntax and logical form",
  author	= "Giuseppe Longobardi",
  year		= "1994",
  pages		= "609--665",
  journal	= "Linguistic Inquiry",
  issn		= "0024-3892",
  publisher	= "MIT Press Journals"
}

@Article{	  merlin,
  author	= {Andrea Abel},
  title		= {A Trilingual Learner Corpus illustrating European
		  Reference Levels},
  journal	= {RiCOGNIZIONI. Rivista di Lingue e Letterature straniere e
		  Culture moderne},
  volume	= {1},
  number	= {2},
  year		= {2014},
  issn		= {2384-8987},
  pages		= {111--126},
  doi		= {10.13135/2384-8987/702},
  url		= {http://www.ojs.unito.it/index.php/ricognizioni/article/view/702}
}

@Article{	  moro2000,
  author	= {Moro, Andrea},
  title		= {Dynamic Antisymmetry: Movement as a Symmetry-breaking
		  Phenomenon},
  journal	= {Studia Linguistica},
  volume	= {51},
  number	= {1},
  year		= {2000},
  pages		= {50-76},
  doi		= {10.1111/1467-9582.00017},
  url		= {https://onlinelibrary.wiley.com/doi/abs/10.1111/1467-9582.00017},
  eprint	= {https://onlinelibrary.wiley.com/doi/pdf/10.1111/1467-9582.00017}
}

@Article{	  murphy2015,
  author	= {Murphy, Elliot},
  title		= {Labels, cognomes, and cyclic computation: an ethological
		  perspective},
  journal	= {Frontiers in Psychology},
  year		= {2015},
  month		= {Jun},
  day		= {03},
  publisher	= {Frontiers Media S.A.},
  volume	= {6},
  pages		= {715},
  issn		= {1664-1078},
  doi		= {10.3389/fpsyg.2015.00715},
  url		= {http://www.ncbi.nlm.nih.gov/pmc/articles/PMC4453271/}
}

@Book{		  pinker1989,
  title		= {Learnability and Cognition: The Acquisition of Argument
		  Structure},
  author	= {Steven Pinker},
  publisher	= {The MIT Press},
  isbn		= {0262518406,9780262518406},
  year		= {1989},
  series	= {Learning, Development, and Conceptual Change},
  edition	= {2013},
  volume	= {}
}

@Manual{	  r-bookdown,
  title		= {bookdown: Authoring Books and Technical Documents with R
		  Markdown},
  author	= {Yihui Xie},
  year		= {2017},
  note		= {R package version 0.5.10},
  url		= {https://github.com/rstudio/bookdown}
}

@Article{	  r-textmining--feinerhornikmeyer,
  title		= {Text Mining Infrastructure in R},
  author	= {Ingo Feinerer, Kurt Hornik, and David Meyer},
  year		= {2008},
  journal	= {Journal of Statistical Software},
  volume	= {25},
  number	= {5},
  pages		= {1-54},
  url		= {http://www.jstatsoft.org/v25/i05/}
}

@Article{	  rizzi2013,
  title		= "Introduction: Core computational principles in natural
		  language syntax",
  journal	= "Lingua",
  volume	= "130",
  number	= "Supplement C",
  pages		= "1 - 13",
  year		= "2013",
  note		= "SI: Syntax and cognition: core ideas and results in
		  syntax",
  issn		= "0024-3841",
  doi		= "https://doi.org/10.1016/j.lingua.2012.12.001",
  author	= "Luigi Rizzi"
}

@Article{	  rothmanslabakova2017,
  title		= {The Generative Approach to SLA and its place in modern
		  Second Language Studies},
  doi		= {10.1017/S0272263117000134},
  journal	= {Studies in Second Language Acquisition},
  publisher	= {Cambridge University Press},
  author	= {Rothman, Jason and Slabakova, Roumyana},
  year		= {2017},
  pages		= {1–26}
}

@InProceedings{	  santoro2012,
  title		= {Morphological Variability in Interlanguage Grammars: New
		  Evidence From the Acquisition of Gender and Number in
		  Italian Determiner Phrases and Direct Object Pronouns},
  author	= {Maurizio Santoro},
  year		= {2012},
  url		= {https://pdfs.semanticscholar.org/8143/c2f9bb6674b856802de5ed76898bb2f31525.pdf}
}

@InProceedings{	  schmid1994,
  title		= "Probabilistic Part-of-Speech Tagging Using Decision Trees",
  author	= "Helmut Schmid",
  year		= "1994",
  booktitle	= "Proceedings of International Conference on New Methods in
		  Language Processing",
  place		= "Manchester"
}

@Article{	  selinker1972,
  author	= "Selinker, Larry",
  journal	= "International Review of Applied Linguistics in Language
		  Teaching",
  number	= "1--4",
  pages		= "209--232",
  title		= "Interlanguage",
  volume	= 10,
  year		= 1972
}

@Article{	  slabakovalealliskin2014,
  author	= {Slabakova, Roumyana and Leal, Tania L. and
		  Liskin-Gasparro, Judith},
  title		= {We Have Moved On: Current Concepts and Positions in
		  Generative SLA},
  journal	= {Applied Linguistics},
  volume	= {35},
  number	= {5},
  pages		= {601-606},
  year		= {2014},
  doi		= {10.1093/applin/amu027},
  eprint	= {/oup/backfile/content_public/journal/applij/35/5/10.1093/applin/amu027/2/amu027.pdf}
}

@Article{	  sorace2011,
  title		= {Pinning down the concept of “interface” in
		  bilingualism},
  author	= {Sorace, Antonella},
  journal	= {Linguistic approaches to bilingualism},
  volume	= {1},
  number	= {1},
  pages		= {1--33},
  year		= {2011},
  publisher	= {John Benjamins Publishing Company}
}

@Book{		  togninibonelli2001,
  title		= {Corpus Linguistics at Work},
  author	= {Elena Tognini-Bonelli},
  publisher	= {John Benjamins Publishing Company},
  isbn		= {9027222762,9789027222763},
  year		= {2001},
  series	= {Studies in Corpus Linguistics},
  edition	= {},
  volume	= {}
}

@Misc{		  valico,
  author	= {Barbera, Manuel et al.},
  title		= {VALICO: Varietà Apprendimento Lingua Italiana Corpus
		  Online},
  year		= {2003},
  publisher	= {Università di Torino},
  url		= {http://www.valico.org/}
}

@inbook{ vogheraturco2010,
  author={Voghera, Miriam and Turco, Giuseppina},
  title={From text to lexicon: the annotation of pre-target structures in an Italian learner corpus},
  year={2010},
  pages={141--173},
  booktitle={Bootstrapping Information from Corpora in a Cross-Linguistic Perspective},
  editor={Moneglia, M. and Panunzi, A.},
  publisher={Firenze University Press}
}

@article{ progovac1998,
author = {Progovac, Ljiljana},
year = {1998},
month = {03},
pages = {165 - 179},
title = {Determiner phrase in a language without determiners (with apologies to Jim Huang 1982)},
volume = {34},
booktitle = {Journal of Linguistics},
url={https://www.researchgate.net/publication/231781966_Determiner_phrase_in_a_language_without_determiners_with_apologies_to_Jim_Huang_1982}
}

@book{brent1997,
  title={Computational Approaches to Language Acquisition},
  author={Brent, Michael R.},
  isbn={9780262522298},
  lccn={lc97011047},
  series={A Bradford Book},
  year={1997},
  publisher={MIT Press}
}

@article{schmidt1990,
  author = {Schmidt, Richard W.},
  title = {The Role of Consciousness in Second Language Learning1},
  journal = {Applied Linguistics},
  volume = {11},
  number = {2},
  pages = {129-158},
  year = {1990},
  doi = {10.1093/applin/11.2.129},
  URL = {http://dx.doi.org/10.1093/applin/11.2.129},
  eprint = {/oup/backfile/content_public/journal/applij/11/2/10.1093_applin_11.2.129/1/129.pdf}
}

@incollection{  sinclair2005,
  author = {Sinclair, John M.},
  title = {Corpus and Text - Basic Principles},
  pages = {1-16},
  year = {2005},
  doi = {10.1093/applin/11.2.129},
  booktitle={Developing Linguistic Corpora: a Guide to Good Practice},
  editor={Martin Wynne},
  publisher={Oxbow Books},
  place={Oxford},
  chapter={1},
  URL = {http://ota.ox.ac.uk/documents/creating/dlc/}
}

@book{sinclairCarter2004,
  title={Trust the Text: Language, Corpus and Discourse},
  author={Sinclair, John M. and Carter, Ronald},
  isbn={978-1134369928},
  url={https://books.google.com/books?id=2qep7dkdxscC},
  year={2004},
  publisher={Taylor \& Francis}
}

@incollection{mukherjeeRohrbach2006,
  author = {Mukherjee, Joybrato and Rohrbach, Jan-Marc},
  year = {2006},
  month = {01},
  pages = {205-232},
  title = {Rethinking applied corpus linguistics from a language-pedagogical perspective: New departures in learner corpus research},
  booktitle = {Planing, Gluing and Painting Corpora: Inside the Applied Corpus Linguist's Workshop},
  editor={Bernard Kettermann and Georg Marko},
  isbn={978-3631553558},
  publisher={Peter Lang GmbH, Internationaler Verlag der Wissenschaften},
  serie={Sprache im Kontext},
  volume={24}
}

@inproceedings {fillmore1992,
  title = {Corpus linguistics vs. computer-aided armchair linguistics},
  booktitle = {Directions in Corpus Linguistics: Proceedings from a 1991 Nobel Symposium on Corpus Linguistics},
  year = {1992},
  pages = {35-66},
  publisher = {Mouton de Gruyter},
  organization = {Mouton de Gruyter},
  address = {Stockholm},
  author = {Fillmore, Charles J.}
}
